@inproceedings{kumar2017data,
  title     = {Data management in machine learning: Challenges, techniques, and systems},
  author    = {Kumar, Arun and Boehm, Matthias and Yang, Jun},
  booktitle = {Proceedings of the 2017 ACM International Conference on Management of Data},
  pages     = {1717--1722},
  year      = {2017}
}

@inproceedings{sagadeeva2021sliceline,
  title     = {Sliceline: Fast, linear-algebra-based slice finding for ml model debugging},
  author    = {Sagadeeva, Svetlana and Boehm, Matthias},
  booktitle = {Proceedings of the 2021 International Conference on Management of Data},
  pages     = {2290--2299},
  year      = {2021}
}

@book{boehm2022data,
  title     = {Data management in machine learning systems},
  author    = {Boehm, Matthias and Kumar, Arun and Yang, Jun},
  year      = {2022},
  publisher = {Springer Nature}
}

@article{boehm2019systemds,
  title   = {SystemDS: A declarative machine learning system for the end-to-end data science lifecycle},
  author  = {Boehm, Matthias and Antonov, Iulian and Baunsgaard, Sebastian and Dokter, Mark and Ginth{\"o}r, Robert and Innerebner, Kevin and Klezin, Florijan and Lindstaedt, Stefanie and Phani, Arnab and Rath, Benjamin and others},
  journal = {arXiv preprint arXiv:1909.02976},
  year    = {2019}
}

@article{balzer1991boltzmann,
  title   = {Weight Quantization in Boltzmann Machines},
  author  = {Balzer, Wofgang and Takahashi, Masanobu and Ohta, Jun and Kyuma, Kazuo},
  journal = {Neural Networks, vol. 4, no. 3, 405-409},
  year    = {1991}
}

@inproceedings{jiang2021efficient,
  title     = {Efficient Quantization Techniques for Deep Neural Networks},
  author    = {Jiang, Chutian},
  booktitle = {Proceedings of the 2021 International Conference on Signal Processing and Machine Learning},
  year      = {2021}
}

@inproceedings{jacob2018quantization,
  title     = {Quantization and Training of Neural Networks for Efficient Integer-Arithmetic-Only Inference},
  author    = {Jacob, Benoit and Kligys, Skirmantas and Chen, Bo and Zhu, Menglong and Tang, Matthew and Howard, Andrew and Adam, Hartwig and Kalenichenko, Dmitry},
  booktitle = {Proceedings of the IEEE Conference on Computer Vision and Pattern Recognition},
  pages     = {2704--2713},
  year      = {2018}
}

@inproceedings{kim2021ibert,
  title     = {I-BERT: Integer-only BERT Quantization},
  author    = {Kim, Sehoon and Gholami, Amir and Yao, Zhewei and Mahoney, Michael W. and Keutzer, Kurt},
  booktitle = {Proceedings of the 38th International Conference on Machine Learning},
  year      = {2021},
  pages     = {5506--5518}
}

@article{bengio2013estimating,
  title     = {Estimating or Propagating Gradients Through Stochastic Neurons for Conditional Computation},
  author    = {Bengio, Yoshua and L{\'e}onard, Nicholas and Courville, Aaron},
  journal   = {arXiv preprint arXiv:1308.3432},
  year      = {2013}
}

@inproceedings{fan2021training,
  title     = {Training with Quantization Noise for Extreme Model Compression},
  author    = {Fan, Angela and Stock, Pierre and Graham, Benjamin and Grave, Edouard and Gribonval, R{\'e}mi and J{\'e}gou, Herv{\'e} and Joulin, Armand},
  booktitle = {Proceedings of the International Conference on Learning Representations (ICLR)},
  year      = {2021},
  organization = {Facebook AI Research, LORIA, Inria}
}

@inproceedings{zhuang2018towards,
  title     = {Towards Effective Low-bitwidth Convolutional Neural Networks},
  author    = {Zhuang, Bohan and Shen, Chunhua and Tan, Mingkui and Liu, Lingqiao and Reid, Ian},
  booktitle = {Proceedings of the IEEE Conference on Computer Vision and Pattern Recognition (CVPR)},
  pages     = {7920--7928},
  year      = {2018}
}

@article{gholami2021survey,
  title     = {A Survey of Quantization Methods for Efficient Neural Network Inference},
  author    = {Gholami, Amir and Kim, Sehoon and Dong, Zhen and Yao, Zhewei and Mahoney, Michael W. and Keutzer, Kurt},
  journal   = {arXiv preprint arXiv:2103.13630},
  year      = {2021},
  institution = {University of California, Berkeley}
}

@article{gray1998quantization,
  title     = {Quantization},
  author    = {Gray, Robert M. and Neuhoff, David L.},
  journal   = {IEEE Transactions on Information Theory},
  volume    = {44},
  number    = {6},
  pages     = {2325--2383},
  year      = {1998}
}

@inproceedings{huang2021lsmq,
  title     = {{LSMQ}: A Layer-Wise Sensitivity-Based Mixed-Precision Quantization Method for Bit-Flexible {CNN} Accelerator},
  author    = {Huang, Yimin and Chen, Kai and Shao, Zhuang and Bai, Yichuan and Huang, Yafeng and Du, Yuan and Du, Li and Wang, Zhongfeng},
  booktitle = {Proceedings of the 18th International SoC Design Conference (ISOCC)}, 
  year      = {2021}
}
